<record><leader>00000cas a22000007a 4500</leader><controlfield tag="001">11299783</controlfield><controlfield tag="008">841023d18951921mtudr ne      0   a0eng d</controlfield><datafield ind1=" " ind2=" " tag="010"><subfield code="a">sn 84024808 </subfield></datafield><datafield ind1=" " ind2=" " tag="040"><subfield code="a">NPV</subfield><subfield code="b">eng</subfield><subfield code="c">NPV</subfield><subfield code="d">MTL</subfield><subfield code="d">DLC</subfield><subfield code="d">UBY</subfield><subfield code="d">OCLCQ</subfield><subfield code="d">DLC</subfield><subfield code="d">OCLCF</subfield><subfield code="d">DLC</subfield></datafield><datafield ind1="0" ind2=" " tag="022"><subfield code="a">2378-833X</subfield><subfield code="2">1</subfield></datafield><datafield ind1=" " ind2=" " tag="042"><subfield code="a">msc</subfield><subfield code="a">nsdp</subfield></datafield><datafield ind1=" " ind2=" " tag="043"><subfield code="a">n-us-mt</subfield></datafield><datafield ind1="0" ind2="0" tag="050"><subfield code="a">Newspaper</subfield></datafield><datafield ind1="0" ind2="0" tag="082"><subfield code="a">071</subfield><subfield code="2">23</subfield></datafield><datafield ind1=" " ind2="0" tag="222"><subfield code="a">Great Falls daily tribune</subfield><subfield code="b">(Print)</subfield></datafield><datafield ind1="0" ind2="0" tag="245"><subfield code="a">Great Falls daily tribune.</subfield></datafield><datafield ind1=" " ind2=" " tag="260"><subfield code="a">Great Falls, Mont. :</subfield><subfield code="b">The Tribune,</subfield><subfield code="c">1895-1921.</subfield></datafield><datafield ind1=" " ind2=" " tag="300"><subfield code="a">24 v. :</subfield><subfield code="b">ill. ;</subfield><subfield code="c">55 cm.</subfield></datafield><datafield ind1=" " ind2=" " tag="310"><subfield code="a">Daily,</subfield><subfield code="b">1900-1921</subfield></datafield><datafield ind1=" " ind2=" " tag="321"><subfield code="a">Daily (except Mon.),</subfield><subfield code="b">1895-1900</subfield></datafield><datafield ind1="0" ind2=" " tag="362"><subfield code="a">Vol. 9, no. 71 (Mar. 23, 1895)- ; -32nd year (Jan. 10, 1921).</subfield></datafield><datafield ind1=" " ind2=" " tag="530"><subfield code="a">Archived issues are available in digital format from the Library of Congress Chronicling America online collection.</subfield></datafield><datafield ind1=" " ind2="0" tag="651"><subfield code="a">Great Falls (Mont.)</subfield><subfield code="v">Newspapers.</subfield></datafield><datafield ind1=" " ind2="7" tag="651"><subfield code="a">Montana</subfield><subfield code="z">Great Falls.</subfield><subfield code="2">fast</subfield><subfield code="0">(OCoLC)fst01202832</subfield></datafield><datafield ind1=" " ind2="7" tag="655"><subfield code="a">Newspapers.</subfield><subfield code="2">fast</subfield><subfield code="0">(OCoLC)fst01423814</subfield></datafield><datafield ind1=" " ind2=" " tag="752"><subfield code="a">United States</subfield><subfield code="b">Montana</subfield><subfield code="c">Cascade</subfield><subfield code="d">Great Falls.</subfield></datafield><datafield ind1="0" ind2=" " tag="775"><subfield code="t">Great Falls weekly tribune</subfield><subfield code="g">Mar. 23, 1895-</subfield><subfield code="x">2329-6658</subfield><subfield code="w">(DLC)sn 86075243</subfield><subfield code="w">(OCoLC)13782571</subfield></datafield><datafield ind1="0" ind2="8" tag="776"><subfield code="i">Online version:</subfield><subfield code="t">Great Falls daily tribune</subfield><subfield code="x">2378-8348</subfield><subfield code="w">(DLC)  2015218694</subfield><subfield code="w">(OCoLC)908159878</subfield></datafield><datafield ind1="0" ind2="0" tag="780"><subfield code="t">Daily tribune (Great Falls, Mont.)</subfield><subfield code="w">(DLC)sn 86075236</subfield><subfield code="w">(OCoLC)13801634</subfield></datafield><datafield ind1="0" ind2="0" tag="785"><subfield code="t">Great Falls tribune (Great Falls, Mont. : 1921)</subfield><subfield code="x">2378-850X</subfield><subfield code="w">(DLC)sn 83045217</subfield><subfield code="w">(OCoLC)9374534</subfield></datafield><datafield ind1="4" ind2="1" tag="856"><subfield code="u">http://www.loc.gov/chroniclingamerica/lccn/sn84024808/issues</subfield></datafield></record>